@article{one,
    
}

@journal article{invalid,
    
}

