@article {PSSA:PSSA99997,
author = {Dimitrov, R. and Wittmer, L. and Felsi, H. P. and Mitchell, A. and Ambacher, O. and Stutzmann, M.},
title = {Carrier Confinement in AlGaN/GaN Heterostructures Grown by Plasma Induced Molecular Beam Epitaxy},
journal = {physica status solidi (a)},
volume = {168},
number = {2},
publisher = {WILEY-VCH Verlag},
issn = {1521-396X},
doi = {10.1002/(SICI)1521-396X(199808)168:2<R7::AID-PSSA99997>3.0.CO;2-B},
pages = {R7--R8},
year = {1998},
}

﻿@article {PSSA:PSSA109,
author = {Alam, A. and Schön, O. and Schineller, B. and Heuken, M. and Jürgensen, H.},
title = {MOVPE Growth Optimization Using Computer Supported Design of Experiments (DoE)},
journal = {physica status solidi (a)},
volume = {180},
number = {1},
publisher = {WILEY-VCH Verlag Berlin GmbH},
issn = {1521-396X},
doi = {10.1002/1521-396X(200007)180:1<109::AID-PSSA109>3.0.CO;2-Z},
pages = {109--114},
year = {2000},
}

