@article {ADFM:ADFM201301424,
author = {O'Donnell, Kane M. and Edmonds, Mark T. and Ristein, Juergen and Tadich, Anton and Thomsen, Lars and Wu, Qi-Hui and Pakes, Chris I. and Ley, Lothar},
title = {Diamond Surfaces with Air-Stable Negative Electron Affinity and Giant Electron Yield Enhancement},
journal = {Advanced Functional Materials},
publisher = {WILEY-VCH Verlag},
issn = {1616-3028},
url = {http://dx.doi.org/10.1002/adfm.201301424},
doi = {10.1002/adfm.201301424},
pages = {n/a--n/a},
keywords = {diamond, surface modification, lithiation, negative electron affinity, electron emission},
year = {2013},
}
﻿@article {ADMA:ADMA200400767,
author = {Whitesides, G. M.},
title = {Whitesides' Group: Writing a Paper},
journal = {Advanced Materials},
volume = {16},
number = {15},
publisher = {WILEY-VCH Verlag},
issn = {1521-4095},
url = {http://dx.doi.org/10.1002/adma.200400767},
doi = {10.1002/adma.200400767},
pages = {1375--1377},
year = {2004},
}
﻿@article {ADMA:ADMA200600527,
author = {Dresselhaus, M. S. and Chen, G. and Tang, M. Y. and Yang, R. G. and Lee, H. and Wang, D. Z. and Ren, Z. F. and Fleurial, J.-P. and Gogna, P.},
title = {New Directions for Low-Dimensional Thermoelectric Materials},
journal = {Advanced Materials},
volume = {19},
number = {8},
publisher = {WILEY-VCH Verlag},
issn = {1521-4095},
url = {http://dx.doi.org/10.1002/adma.200600527},
doi = {10.1002/adma.200600527},
pages = {1043--1053},
keywords = {Nanocomposites, Nanostructured materials, Quantum wells, Quantum-confinement effects, Thermoelectric materials},
year = {2007},
}
