@article {ADMA:ADMA200701130,
author = {Kwon, Min-Ki and Kim, Ja-Yeon and Kim, Baek-Hyun and Park, Il-Kyu and Cho, Chu-Young and Byeon, Clare Chisu and Park, Seong-Ju},
title = {Surface-Plasmon-Enhanced Light-Emitting Diodes},
journal = {Advanced Materials},
volume = {20},
number = {7},
publisher = {WILEY-VCH Verlag},
issn = {1521-4095},
doi = {10.1002/adma.200701130},
pages = {1253--1257},
keywords = {light-emitting diodes, metal nanoparticles, surface plasmons},
year = {2008},
}

﻿@article {ADMA:ADMA200903442,
author = {Wang, Xuebin and Song, Jinhui and Zhang, Fan and He, Chengyu and Hu, Zheng and Wang, Zhonglin},
title = {Electricity Generation based on One-Dimensional Group-III Nitride Nanomaterials},
journal = {Advanced Materials},
volume = {22},
number = {19},
publisher = {WILEY-VCH Verlag},
issn = {1521-4095},
doi = {10.1002/adma.200903442},
pages = {2155--2158},
keywords = {Piezoelectric nanogenerators, Group-III nitride nanomaterials, Schottky barrier, Energy, Electricity generation},
year = {2010},
}

﻿@article {ADMA:ADMA201000839,
author = {Vineis, Christopher J. and Shakouri, Ali and Majumdar, Arun and Kanatzidis, Mercouri G.},
title = {Nanostructured Thermoelectrics: Big Efficiency Gains from Small Features},
journal = {Advanced Materials},
volume = {22},
number = {36},
publisher = {WILEY-VCH Verlag},
issn = {1521-4095},
url = {http://dx.doi.org/10.1002/adma.201000839},
doi = {10.1002/adma.201000839},
pages = {3970--3980},
keywords = {thermoelectrics, nanostructures, structure-property relationships, semiconductors},
year = {2010},
}

﻿@article {ANIE:ANIE201200699,
author = {Chen, Wei-Fu and Sasaki, Kotaro and Ma, Chao and Frenkel, Anatoly I. and Marinkovic, Nebojsa and Muckerman, James T. and Zhu, Yimei and Adzic, Radoslav R.},
title = {Hydrogen-Evolution Catalysts Based on Non-Nobel Metal Nickel–Molybdenum Nitride Nanosheets},
journal = {Angewandte Chemie International Edition},
publisher = {WILEY-VCH Verlag},
issn = {1521-3773},
url = {http://dx.doi.org/10.1002/anie.201200699},
doi = {10.1002/anie.201200699},
pages = {n/a--n/a},
keywords = {electrochemistry, evolution of hydrogen, heterogeneous catalysis, metal nitrides, nanosheets},
year = {2012},
}
